% This file was created with JabRef 2.10.
% Encoding: UTF8


@Book{saake2010datenbanken,
  Title                    = {Datenbanken: Konzepte und Sprachen},
  Author                   = {Saake, G. and Sattler, K.U. and Heuer, A.},
  Publisher                = {mitp},
  Year                     = {2010},
  Series                   = {Biber-Buch},

  ISBN                     = {9783826690570}
}

@Article{zhou2011,
  Title                    = {Degradation modeling applied to residual
 lifetime prediction using functional data analysis},
  Author                   = {Zhou, Rensheng R. and Serban, Nicoleta and Gebraeel, Nagi},
  Journal                  = {Ann. Appl. Stat.},
  Year                     = {2011},

  Month                    = {06},
  Number                   = {2B},
  Pages                    = {1586--1610},
  Volume                   = {5},

  Doi                      = {10.1214/10-AOAS448},
  Fjournal                 = {The Annals of Applied Statistics},
  Publisher                = {The Institute of Mathematical Statistics},
  Url                      = {http://dx.doi.org/10.1214/10-AOAS448}
}

